@BOOK{Borelli,
        AUTHOR = {Robert L. Borelli and Courtney S. Coleman},
        YEAR = 1996,
        TITLE = {Differential Equations. A Modeling Perspective. Preliminary Edition.},
        PUBLISHER = {John Wiley and Sons, Inc.}
        }

@BOOK{diSessa,
	AUTHOR = {Andrea diSessa},
	YEAR = 2000,
	TITLE = {Changing Minds},
	PUBLISHER = {MIT}
	}


@ARTICLE{Rinaldi,
	AUTHOR = {Sergio Rinaldi},
	YEAR = 1998,
	TITLE = {Laura and Petrarch: An Intriguing Case of Cyclical Love Dynamics},
	JOURNAL = {SIAM Journal of Applied Mathematics}
    PAGES = 1205-1221
    VOLUME = {58:4}
	}

@ARTICLE{Strogatz,
	AUTHOR = {Steven H. Strogatz},
	YEAR = 1988,
	TITLE = {Love Affairs and Differential Equations},
	JOURNAL = {Mathematics Magazine},
    PAGES = 35
    VOLUME = 61
	}

@BOOK{Strogatz94,
	AUTHOR = {Steven H. Strogatz},
	YEAR = 1994,
	TITLE = {Nonlinear Dynamics and Chaos},
	PUBLISHER = {Addison--Wesley}
	}

@BOOK{Hilborn,
	AUTHOR = {Robert C. Hilborn},
	YEAR = 2000,
	TITLE = {Chaos and Nonlinear Dynamics},
	PUBLISHER = {Oxford}
	}

@BOOK{Sprott,
	AUTHOR = {Julien C. Sprott},
	YEAR = 2003,
	TITLE = {Chaos and Time Series Analysis},
	PUBLISHER = {Oxford}
	}

@ARTICLE{May,
	AUTHOR = {Robert May},
	YEAR = 1976,
	TITLE = {Simple Mathematical Models with very Complicated Dynamics},
	JOURNAL = {Nature},
    PAGES = 459-67
    VOLUME = 261
	}

@ARTICLE{Gardner,
	AUTHOR = {Martin Gardner},
	YEAR = 1970,
	TITLE = {The fantastic combinations of John Conway's new solitare game of life.},
	JOURNAL = {Scientific American},
    PAGES = 120-3
    VOLUME = 223
	}

@BOOK{Wolfram,
	AUTHOR = {Stephen Wolfram},
	YEAR = 2002,
	TITLE = {A New Kind of Science},
	PUBLISHER = {Wolfram Media, Champaign IL, USA}
	}

@BOOK{Acheson,
	AUTHOR = {David Acheson},
	YEAR = 1997,
	TITLE = {From Calculus to Chaos, An Introduction to Dynamics},
	PUBLISHER = {Oxford University Press}
	}

@BOOK{Atkinson,
	AUTHOR = {Kendall E. Atkinson},
	YEAR = 1989,
	TITLE = {An Introduction to Numerical Analysis, Second Edition},
	PUBLISHER = {John Wiley \& Sons}
	}

@BOOK{Braun,
	AUTHOR = {Martin Braun},
	YEAR = 1993,
	TITLE = {Differential Equations and its applications. Fourth Edition.},
	PUBLISHER = {Springer--Verlag}
	}

@BOOK{Butcher,
	AUTHOR = {J. C. Butcher},
	YEAR = 1987,
	TITLE = {The Numerical Analysis of Ordinary Differential Equations. Runge-Kutta and General Linear Methods.},
	PUBLISHER = {John Wiley \& Sons}
	}
	
@BOOK{Chapra,
	AUTHOR = {Steven C. Chapra and Raymond P. Canale},
	YEAR = 2002,
	TITLE = {Numerical Methods for Engineers},
	PUBLISHER = {Mc Graw Hill}
	}

@ARTICLE{Gray,
	AUTHOR = {S. K. Gray and D. W. Noid and B. G. Sumpter},
	YEAR = 1994,
	TITLE = {Symplectic integrators for large scale molecular dynamics simulations: A comparison of several explicit methods},
	JOURNAL = {J. Chem. Phys. \textbf{101} (5) 4062--4072}
	}

@BOOK{Keller,
	AUTHOR = {Herbert B. Keller},
	YEAR = 1992,
	TITLE = {Numerical Methods For Two-Point Boundary-Value Problems},
	PUBLISHER = {Dover Publications, Inc.}
	}

@ARTICLE{Survey,
	AUTHOR = {W. H. Enright and D. J. Higham and B. Owren and P.W. Sharp},
	YEAR = 1995,
	TITLE = {A Survey of the Explicit Runge--Kutta Method},
	JOURNAL = {Technical Report 94-291. University of Toronto}
	}


@BOOK{Hairer,
	AUTHOR = {E. Hairer and S. P. N{\o}rsett and G. Wanner},
	YEAR = 2000,
	TITLE = {Solving Ordinary Differential Equations I (Nonstiff Problems), 2nd Ed.},
	PUBLISHER = {Springer}
	}

@BOOK{Hairer2,
	AUTHOR = {E. Hairer and G. Wanner},
	YEAR = 2002,
	TITLE = {Solving Ordinary Differential Equations II (Stiff and Differential-Algenbaic Problems), 2nd Ed.},
	PUBLISHER = {Springer}
	}

@BOOK{HairerSymplectic,
	AUTHOR = {E. Hairer and C. Lubich and G. Wanner},
	YEAR = 2002,
	TITLE = {Geometric Numerical Integration, Structure-Preserving Algorithms for Ordinary Differential Equations},
	PUBLISHER = {Springer}
	}

@BOOK{OSP,
	AUTHOR = {Wolfgang Christian},
	YEAR = 2007,
	TITLE = {Open Source Physics: A User's Guide with Examples},
	PUBLISHER = {Addison--Wesley}
	}
	
@BOOK{Recipes,
	AUTHOR = {William H. Press and Saul A. Teukolsky and William T. Vetterling and Brian P. Flannery},
	YEAR = 1992,
	TITLE = {Numerical Recipes in C, The Art of Scientific Computing, 2nd Ed.},
	PUBLISHER = {Cambridge University Press}
	}

@BOOK{Schilling,
	AUTHOR = {Robert J. Schilling and Sandra L. Harris},
	YEAR = 2000,
	TITLE = {Applied Numerical Methods for Engineers},
	PUBLISHER = {Brooks/Cole}
	}


@ARTICLE{Tyson,
	AUTHOR = {John J. Tyson},
	YEAR = 1973,
	TITLE = {Some further studies of nonlinear oscillations in chemical systems},
	JOURNAL = {J. Chem. Phys. \textbf{58} (9) 3919--3930}
	}
	
@UNPUBLISHED{Java,
	AUTHOR = {Sun{\enspace}Mycrosystems},
	TITLE = {http://java.sun.com},
	NOTE = {Web pages}
	}
